@book{lecturenotes,
	author="Hjorth-Jensen, Morten",
	title="Computational Physics - Lecture Notes Fall 2014",
	month="August",
	year ="2014"}

@masterthesis{master,
	author="Jørgen Høgberget",
	title="Quantum Monte-Carlo Studies of Generalized Many-body Systems",
	school="University of Oslo",
	year="2013",
	month="June",
	pages="84-86"}

@article{DMC,
  title = {Ab initio},
  author = {Pedersen Lohne, M. and Hagen, G. and Hjorth-Jensen, M. and Kvaal, S. and Pederiva, F.},
  journal = {Phys. Rev. B},
  volume = {84},
  issue = {11},
  pages = {115302},
  numpages = {15},
  year = {2011},
  month = {Sep},
  publisher = {American Physical Society},
  doi = {10.1103/PhysRevB.84.115302},
  url = {http://link.aps.org/doi/10.1103/PhysRevB.84.115302}
}

@article{PhysRevB.15.2819,
  title = {Correlations in a two-dimensional electron system},
  author = {Rajagopal, A. K. and Kimball, John C.},
  journal = {Phys. Rev. B},
  volume = {15},
  issue = {5},
  pages = {2819--2825},
  numpages = {0},
  year = {1977},
  month = {Mar},
  publisher = {American Physical Society},
  doi = {10.1103/PhysRevB.15.2819},
  url = {http://link.aps.org/doi/10.1103/PhysRevB.15.2819}
}

@misc{slides,
  title = {Additional slides for Monte Carlo project},
  author = {Morten Hjorth-Jensen},
  year = {2014},
  howpublished = "\href{http://www.uio.no/studier/emner/matnat/fys/FYS3150/h14/undervisningsmateriale/projects/project-5-deadline-december-1/montecarloaddition.pdf}{http://www.uio.no/.../montecarloaddition.pdf}"
}

