@book{lecturenotes,
	author="Hjorth-Jensen, Morten",
	title="Computational Physics - Lecture Notes Fall 2014",
	month="August",
	year ="2014"}